% RSYSLOG
@MISC{GentooProtokollierung,
AUTHOR       = "{{Förderverein Gentoo e.V.}}",
TITLE        = "Gentoo Handbuch",
HOWPUBLISHED = "Website",
NOTE         = "\url{http://www.gentoo.de/doc/de/security/security-handbook.xml?part=1&chap=3}",
YEAR         = "2010",
}

@MISC{AboutSyslogd,
AUTHOR       = "{{Greg Wettstein}}",
TITLE        = "Linux / Unix Command: syslogd",
NOWPUBLISHED = "Website",
NOTE         = "\url{http://linux.about.com/od/commands/l/blcmdl8_syslogd.htm}",
YEAR         = "2007",
}

@MISC{RsyslogSeparateLog,
AUTHOR       = "{{Adiscon GmbH}}",
TITLE        = "How to separate log files by host name of sending device?",
NOWPUBLISHED = "Website",
NOTE         = "\url{http://www.rsyslog.com/article60/}",
YEAR         = "2010",
}

@MISC{SysLogAgentScreendump,
AUTHOR       = "{{Datagram Consulting}}",
TITLE        = "SysLogAgent Screendump",
NOWPUBLISHED = "Website",
NOTE         = "\url{http://syslogserver.com/screendumps.html}",
YEAR         = "2011",
}

% TENSHI
@MISC{TenshiDescription,
AUTHOR       = "{{Andrea Barisani}}",
TITLE        = "Tenshi - Log Monitoring Tool",
NOWPUBLISHED = "Website",
NOTE         = "\url{http://www.inversepath.com/tenshi.html}",
YEAR         = "2011",
}

@MISC{TenshiManpage,
AUTHOR       = "{{Andrea Barisani}}",
TITLE        = "Manpage Tenshi",
NOWPUBLISHED = "Website",
NOTE         = "\url{http://manpages.ubuntu.com/manpages/hardy/man8/tenshi.8.html}",
YEAR         = "2011",
}

@MISC{RsyslogDocumentation,
AUTHOR       = "{{Adiscon GmbH}}",
TITLE        = "rsyslog Dokumentation",
NOWPUBLISHED = "Website",
NOTE         = "\url{http://www.rsyslog.com/doc}",
YEAR         = "2011",
}

@MISC{Event-Watch,
AUTHOR       = "{{Jürgen Auer}}",
TITLE        = "Freeware - Tools zum kostenlosen Download",
NOWPUBLISHED = "Website",
NOTE         = "\url{http://www.sql-und-xml.de/freeware-tools/}",
YEAR         = "2011",
}

% PHPLOGCON
@MISC{phplogconBeschreibung,
AUTHOR       = "{{OpenSiteSolution}}",
TITLE        = "Open Source Solutions ",
NOWPUBLISHED = "Website",
NOTE         = "\url{http://www.opensitesolutions.com/services/system.php}",
YEAR         = "2011",
}

@MISC{Rsyslog_mit_MySQL,
AUTHOR       = "{{Thorsten Kramm}}",
TITLE        = "Rsyslog mit MySQL ",
NOWPUBLISHED = "Website",
NOTE         = "\url{http://lab4.org/wiki/Rsyslog_mit_MySQL_als_zentraler_Logserver}",
YEAR         = "2011",
}

@MISC{LogAnalyzer,
AUTHOR       = "{{Adiscon's Log Analyzer}}",
TITLE        = "HOWTO install LogAnalyzer",
NOWPUBLISHED = "Website",
NOTE         = "\url{http://loganalyzer.adiscon.com/doc/install.html}",
YEAR         = "2011",
}

@MISC{LogAnalyzerDownload,
AUTHOR       = "{{Adiscon's Log Analyzer}}",
TITLE        = "Download LogAnalyzer",
NOWPUBLISHED = "Website",
NOTE         = "\url{http://loganalyzer.adiscon.com/downloads}",
YEAR         = "2011",
}

@MISC{LogAnalyzerHowto,
AUTHOR       = "{{Gene Liverman}}",
TITLE        = "Centralized Logging with a Web Interface",
NOWPUBLISHED = "Website",
NOTE         = "\url{http://www.linuxjournal.com/content/centralized-logging-web-interface}",
YEAR         = "2010",
}

@MISC{PHPGD,
AUTHOR       = "{{FORUM}}",
TITLE        = "How to enable PHP GD image library? ",
NOWPUBLISHED = "Website",
NOTE         = "\url{http://ubuntuforums.org/showthread.php?t=252842}",
YEAR         = "2006 ",
}
